@article{Fox2020,
	author = {Fox, Aaron S. and Bruce, Lyndell},
	doi = {10.1371/journal.pone.0242716},
	editor = {Sunderland, Caroline},
	file = {:C\:/Users/aafox/OneDrive - Deakin University/RESEARCH/Readings & Articles/Sports Analytics/Netball/(Fox & Bruce, 2020) Identifying potential scoring strategies_netballs_two-point rule [PLoS One].pdf:pdf},
	isbn = {1111111111},
	issn = {1932-6203},
	journal = {PLOS ONE},
	mendeley-groups = {Sports Analytics/Netball},
	month = {nov},
	number = {11},
	pages = {e0242716},
	pmid = {33227034},
	title = {{When does risk outweigh reward? Identifying potential scoring strategies with netball's new two-point rule}},
	url = {http://dx.doi.org/10.1371/journal.pone.0242716 https://dx.plos.org/10.1371/journal.pone.0242716},
	volume = {15},
	year = {2020}
}

@Manual{R-base,
  title = {R: A Language and Environment for Statistical Computing},
  author = {{R Core Team}},
  organization = {R Foundation for Statistical Computing},
  address = {Vienna, Austria},
  year = {2021},
  url = {https://www.R-project.org/},
}
@Manual{R-dplyr,
  title = {dplyr: A Grammar of Data Manipulation},
  author = {Hadley Wickham and Romain François and Lionel Henry and Kirill Müller},
  year = {2022},
  note = {R package version 1.0.8},
  url = {https://CRAN.R-project.org/package=dplyr},
}
@Manual{R-here,
  title = {here: A Simpler Way to Find Your Files},
  author = {Kirill Müller},
  year = {2020},
  note = {R package version 1.0.1},
  url = {https://CRAN.R-project.org/package=here},
}
@Manual{R-kableExtra,
  title = {kableExtra: Construct Complex Table with 'kable' and Pipe Syntax},
  author = {Hao Zhu},
  year = {2021},
  note = {R package version 1.3.4},
  url = {https://CRAN.R-project.org/package=kableExtra},
}
@Manual{R-papaja,
  title = {{papaja}: {Prepare} reproducible {APA} journal articles with {R Markdown}},
  author = {Frederik Aust and Marius Barth},
  year = {2022},
  note = {R package version 0.1.1},
  url = {https://github.com/crsh/papaja},
}
@Manual{R-tidyr,
  title = {tidyr: Tidy Messy Data},
  author = {Hadley Wickham and Maximilian Girlich},
  year = {2022},
  note = {R package version 1.2.0},
  url = {https://CRAN.R-project.org/package=tidyr},
}
@Manual{R-tinylabels,
  title = {{tinylabels}: Lightweight Variable Labels},
  author = {Marius Barth},
  year = {2022},
  note = {R package version 0.2.3},
  url = {https://cran.r-project.org/package=tinylabels},
}
@Manual{R-reticulate,
  title = {reticulate: Interface to 'Python'},
  author = {Kevin Ushey and JJ Allaire and Yuan Tang},
  year = {2023},
  note = {R package version 1.28},
  url = {https://CRAN.R-project.org/package=reticulate},
}
