@article{Hicks2015,
  title={Is my model good enough? Best practices for verification and validation of musculoskeletal models and simulations of movement},
  author={Hicks, JL and Uchida, TK and Seth, A and Rajagopal, A and Delp, SL},
  journal={Journal of biomechanical engineering},
  volume={137},
  number={2},
  pages={020905},
  year={2015},
  publisher={American Society of Mechanical Engineers}
}

@article{Werling2023,
  title={AddBiomechanics: Automating model scaling, inverse kinematics, and inverse dynamics from human motion data through sequential optimization},
  author={Werling, K and Bianco, NA and Raitor, M and Stingel, J and Hicks, JL and Collins, SH and Delp, S and Liu, CK},
  journal={bioRxiv},
  pages={2023--06},
  year={2023},
  publisher={Cold Spring Harbor Laboratory}
}

@article{Delp2007,
  title={OpenSim: open-source software to create and analyze dynamic simulations of movement},
  author={Delp, SL and Anderson, FC and Arnold, AS and Loan, P and Habib, A and John, CT and Guendelman, E and Thelen, DG},
  journal={IEEE transactions on biomedical engineering},
  volume={54},
  number={11},
  pages={1940--1950},
  year={2007},
  publisher={IEEE}
}

@online{NCSRR2017,
    title = {{The National Center for Simulation in Rehabilitation Research (NCSRR)}},  
    year = {2017},
    url = {https://simtk-confluence.stanford.edu:8443/display/OpenSim/How+RRA+Works},   
    urldate      = {30/08/2023}
}

@article{Samaan2016,
  title={Determining residual reduction algorithm kinematic tracking weights for a sidestep cut via numerical optimization},
  author={Samaan, MA and Weinhandl, JT and Bawab, SY and Ringleb, SI},
  journal={Computer methods in BiomeChaniCs and BiomediCal engineering},
  volume={19},
  number={16},
  pages={1721--1729},
  year={2016},
  publisher={Taylor \& Francis}
}

@article{Sturdy2022,
  title={Automated optimization of residual reduction algorithm parameters in OpenSim},
  author={Sturdy, JT and Silverman, AK and Pickle, NT},
  journal={Journal of Biomechanics},
  volume={137},
  pages={111087},
  year={2022},
  publisher={Elsevier}
}

@article{Hamner2013,
  title={Muscle contributions to fore-aft and vertical body mass center accelerations over a range of running speeds},
  author={Hamner, SR and Delp, SL},
  journal={Journal of biomechanics},
  volume={46},
  number={4},
  pages={780--787},
  year={2013},
  publisher={Elsevier}
}

@article{Dembia2020,
  title={Opensim Moco: Musculoskeletal optimal control},
  author={Dembia, CL and Bianco, NA and Falisse, A and Hicks, JL and Delp, SL},
  journal={PLOS Computational Biology},
  volume={16},
  number={12},
  pages={e1008493},
  year={2020},
  publisher={Public Library of Science San Francisco, CA USA}
}

@article{Rajagopal2016,
  title={Full-body musculoskeletal model for muscle-driven simulation of human gait},
  author={Rajagopal, A and Dembia, CL and DeMers, MS and Delp, DD and Hicks, JL and Delp, SL},
  journal={IEEE transactions on biomedical engineering},
  volume={63},
  number={10},
  pages={2068--2079},
  year={2016},
  publisher={IEEE}
}

@online{AddBiomechanics2023,
    title = {addbiomechanics},  
    author = {{Stanford University}},  
    year = {2023},
    url = {https://addbiomechanics.org/},   
    urldate      = {30/08/2023}
}

@article{Nitschke2023,
  title={Change the direction: 3D optimal control simulation by directly tracking marker and ground reaction force data},
  author={Nitschke, M and Marzilger, R and Leyendecker, S and Eskofier, BM and Koelewijn, AD},
  journal={PeerJ},
  volume={11},
  pages={e14852},
  year={2023},
  publisher={PeerJ Inc.}
}

@article{Masters2022,
  title={The Effects of Wobbling Mass Components on Joint Dynamics During Running},
  author={Masters, SE and Challis, JH},
  journal={Journal of applied biomechanics},
  volume={38},
  number={2},
  pages={69--75},
  year={2022},
  publisher={Human Kinetics}
}